<?xml version='1.0' encoding='UTF-8'?>
<record xmlns='info:lc/xmlns/marcxchange-v1' xmlns:xsi='http://www.w3.org/2001/XMLSchema-instance' xsi:schemaLocation='info:lc/xmlns/marcxchange-v1 http://www.loc.gov/standards/iso25577/marcxchange-1-1.xsd'><leader>00000n    2200000   4500</leader><datafield ind1='0' ind2='0' tag='001'><subfield code='a'>27502148</subfield><subfield code='b'>191919</subfield><subfield code='c'>20111203170618</subfield><subfield code='d'>20081111</subfield><subfield code='f'>a</subfield></datafield><datafield ind1='0' ind2='0' tag='004'><subfield code='r'>n</subfield><subfield code='a'>e</subfield></datafield><datafield ind1='0' ind2='0' tag='008'><subfield code='t'>m</subfield><subfield code='u'>r</subfield><subfield code='a'>2008</subfield><subfield code='z'>2008</subfield><subfield code='b'>dk</subfield><subfield code='k'>a</subfield><subfield code='l'>dan</subfield><subfield code='x'>06</subfield><subfield code='v'>0</subfield></datafield><datafield ind1='0' ind2='0' tag='009'><subfield code='a'>a</subfield><subfield code='g'>xx</subfield></datafield><datafield ind1='0' ind2='0' tag='021'><subfield code='e'>9788702071177</subfield><subfield code='c'>hf.</subfield><subfield code='d'>kr. 299,00</subfield></datafield><datafield ind1='0' ind2='0' tag='032'><subfield code='x'>ACC200846</subfield><subfield code='a'>DBF200849</subfield><subfield code='x'>BKM200849</subfield><subfield code='x'>BKX200848</subfield><subfield code='x'>DAT200904</subfield><subfield code='x'>DAT991149</subfield></datafield><datafield ind1='0' ind2='0' tag='100'><subfield code='5'>870979</subfield><subfield code='6'>68285526</subfield><subfield code='a'>Engell</subfield><subfield code='h'>Hans</subfield></datafield><datafield ind1='0' ind2='0' tag='245'><subfield code='a'>Farvel til Slotsholmen</subfield><subfield code='e'>Hans Engell</subfield></datafield><datafield ind1='0' ind2='0' tag='250'><subfield code='a'>1. udgave</subfield><subfield code='b'>÷</subfield><subfield code='x'>2. oplag</subfield></datafield><datafield ind1='0' ind2='0' tag='260'><subfield code='&amp;'>1</subfield><subfield code='a'>[Kbh.]</subfield><subfield code='b'>Gyldendal</subfield><subfield code='c'>2008</subfield><subfield code='k'>Narayana Press, Gylling</subfield></datafield><datafield ind1='0' ind2='0' tag='300'><subfield code='a'>412 sider</subfield><subfield code='b'>ill.</subfield></datafield><datafield ind1='0' ind2='0' tag='504'><subfield code='&amp;'>1</subfield><subfield code='a'>Forfatteren (f. 1948) giver en personlig og dramatisk skildring af dansk politik i perioden 1993-2001, primært præget af Tamil-sagen, magtkampe i Det konservative Folkeparti og ikke mindst mødet med betonklodsen på Helsingørmotorvejen i 1996 og uheldets fatale følger</subfield></datafield><datafield ind1='0' ind2='0' tag='521'><subfield code='&amp;'>REX</subfield><subfield code='a'>1. oplag</subfield><subfield code='c'>2008</subfield></datafield><datafield ind1='0' ind2='0' tag='521'><subfield code='b'>2. oplag</subfield><subfield code='c'>2008</subfield></datafield><datafield ind1='0' ind2='0' tag='526'><subfield code='&amp;'>1</subfield><subfield code='i'>2. del af</subfield><subfield code='t'>På Slotsholmen</subfield><subfield code='b'>. Seriens indhold se denne</subfield></datafield><datafield ind1='0' ind2='0' tag='600'><subfield code='a'>Engell</subfield><subfield code='h'>Hans</subfield><subfield code='1'></subfield></datafield><datafield ind1='0' ind2='0' tag='610'><subfield code='1'></subfield><subfield code='a'>Det ¤Konservative Folkeparti</subfield></datafield><datafield ind1='0' ind2='0' tag='652'><subfield code='m'>99.4</subfield><subfield code='a'>Engell</subfield><subfield code='h'>Hans</subfield></datafield><datafield ind1='0' ind2='0' tag='652'><subfield code='p'>32.269</subfield><subfield code='a'>Det ¤Konservative Folkeparti</subfield></datafield><datafield ind1='0' ind2='0' tag='652'><subfield code='p'>96.72</subfield></datafield><datafield ind1='0' ind2='0' tag='666'><subfield code='0'></subfield><subfield code='f'>politiske partier</subfield></datafield><datafield ind1='0' ind2='0' tag='666'><subfield code='0'></subfield><subfield code='f'>politikere</subfield></datafield><datafield ind1='0' ind2='0' tag='666'><subfield code='0'></subfield><subfield code='f'>politiske forhold</subfield></datafield><datafield ind1='0' ind2='0' tag='666'><subfield code='0'></subfield><subfield code='i'>1990-1999</subfield></datafield><datafield ind1='0' ind2='0' tag='666'><subfield code='0'></subfield><subfield code='f'>politik</subfield></datafield><datafield ind1='0' ind2='0' tag='666'><subfield code='0'></subfield><subfield code='f'>historie</subfield></datafield><datafield ind1='0' ind2='0' tag='666'><subfield code='0'></subfield><subfield code='e'>Danmark</subfield></datafield><datafield ind1='0' ind2='0' tag='666'><subfield code='0'></subfield><subfield code='o'>erindringer</subfield></datafield><datafield ind1='0' ind2='0' tag='990'><subfield code='o'>200849</subfield><subfield code='b'>l</subfield><subfield code='b'>v</subfield><subfield code='c'>a</subfield><subfield code='u'>nt</subfield></datafield><datafield ind1='0' ind2='0' tag='991'><subfield code='o'>Ekspres 200848</subfield></datafield><datafield ind1='0' ind2='0' tag='996'><subfield code='a'>DBC</subfield></datafield><datafield ind1='0' ind2='0' tag='d08'><subfield code='o'>lhe</subfield><subfield code='o'>pn</subfield><subfield code='k'>psc</subfield><subfield code='o'>lj</subfield></datafield><datafield ind1='0' ind2='0' tag='d08'><subfield code='a'>masserettet i forb. med tilføjelse af niveaukoder</subfield></datafield><datafield ind1='0' ind2='0' tag='d09'><subfield code='z'>MVB200849</subfield><subfield code='z'>MVC200849</subfield></datafield><datafield ind1='0' ind2='0' tag='d09'><subfield code='z'>REX200902</subfield></datafield><datafield ind1='0' ind2='0' tag='d31'><subfield code='b'>156</subfield><subfield code='h'>230</subfield><subfield code='t'>26</subfield></datafield><datafield ind1='0' ind2='0' tag='d32'><subfield code='b'>154</subfield><subfield code='h'>230</subfield><subfield code='t'>25</subfield></datafield><datafield ind1='0' ind2='0' tag='d33'><subfield code='c'>b</subfield></datafield><datafield ind1='0' ind2='0' tag='d35'><subfield code='a'>I</subfield><subfield code='i'>01</subfield><subfield code='n'>07</subfield><subfield code='p'>01</subfield><subfield code='q'>07</subfield></datafield><datafield ind1='0' ind2='0' tag='d90'><subfield code='x'>200848</subfield><subfield code='b'>l</subfield><subfield code='b'>v</subfield><subfield code='c'>a</subfield><subfield code='u'>nt</subfield></datafield><datafield ind1='0' ind2='0' tag='f06'><subfield code='b'>l</subfield><subfield code='b'>v</subfield></datafield><datafield ind1='0' ind2='0' tag='n51'><subfield code='a'>20081201</subfield><subfield code='b'>ejBKX</subfield></datafield><datafield ind1='0' ind2='0' tag='s12'><subfield code='t'>TeamBo200846</subfield></datafield><datafield ind1='0' ind2='0' tag='z99'><subfield code='a'>masseret</subfield></datafield></record>
